
@inproceedings{jorgensen_modular_2004,
	title = {Modular {ATRON:} Modules for a self-reconfigurable robot},
	volume = {2},
	shorttitle = {Modular {ATRON}},
	url = {http://ieeexplore.ieee.org/xpls/abs_all.jsp?arnumber=1389702},
	urldate = {2013-08-29},
	booktitle = {Intelligent Robots and Systems, 2004.({IROS} 2004). Proceedings. 2004 {IEEE/RSJ} International Conference on},
	author = {Jorgensen, Morten Winkler and Ostergaard, Esben Hallundbk and Lund, Henrik Hautop},
	year = {2004},
	pages = {2068–2073},
	file = {Modular ATRON Modules for a self-reconfigurable robot.pdf:/home/def/.zotero/zotero/40w71da5.default/zotero/storage/8FRFAEMB/Modular ATRON Modules for a self-reconfigurable robot.pdf:application/pdf}
},

@inproceedings{brandt_atron_2007,
	title = {{ATRON} robots: Versatility from self-reconfigurable modules},
	shorttitle = {{ATRON} robots},
	url = {http://ieeexplore.ieee.org/xpls/abs_all.jsp?arnumber=4303511},
	urldate = {2013-08-29},
	booktitle = {Mechatronics and Automation, 2007. {ICMA} 2007. International Conference on},
	author = {Brandt, David and Christensen, David Johan and Lund, Henrik Hautop},
	year = {2007},
	pages = {26–32},
	file = {ATRON Robots Versatility from Self-Reconfigurable Modules.pdf:/home/def/.zotero/zotero/40w71da5.default/zotero/storage/FTJPCKRX/ATRON Robots Versatility from Self-Reconfigurable Modules.pdf:application/pdf}
},

@article{ostergaard_design_2006,
	title = {Design of the {ATRON} lattice-based self-reconfigurable robot},
	volume = {21},
	issn = {0929-5593, 1573-7527},
	url = {http://link.springer.com/10.1007/s10514-006-8546-1},
	doi = {10.1007/s10514-006-8546-1},
	number = {2},
	urldate = {2013-08-29},
	journal = {Autonomous Robots},
	author = {Østergaard, Esben Hallundbæk and Kassow, Kristian and Beck, Richard and Lund, Henrik Hautop},
	month = aug,
	year = {2006},
	pages = {165--183},
	file = {Design of the ATRON lattice-based self-reconfigurable robot.pdf:/home/def/.zotero/zotero/40w71da5.default/zotero/storage/VB4PSTTZ/Design of the ATRON lattice-based self-reconfigurable robot.pdf:application/pdf}
}