
@article{wei-min_shen_hormone-inspired_2002,
	title = {Hormone-inspired adaptive communication and distributed control for {CONRO} self-reconfigurable robots},
	volume = {18},
	issn = {1042-{296X}},
	url = {http://ieeexplore.ieee.org/lpdocs/epic03/wrapper.htm?arnumber=1067992},
	doi = {10.1109/TRA.2002.804502},
	number = {5},
	urldate = {2013-08-25},
	journal = {{IEEE} Transactions on Robotics and Automation},
	author = {Wei-Min Shen and Salemi, B. and Will, P.},
	month = oct,
	year = {2002},
	pages = {700--712},
	file = {Hormone-Inspired Adaptive Communication and Distributed Control  for CONRO Self-Reconfigurable Robots.pdf:/home/def/.zotero/zotero/40w71da5.default/zotero/storage/XK5C2VEX/Hormone-Inspired Adaptive Communication and Distributed Control  for CONRO Self-Reconfigurable Robots.pdf:application/pdf}
},

@article{castano_conro:_2000,
	title = {{CONRO:} Towards deployable robots with inter-robots metamorphic capabilities},
	volume = {8},
	shorttitle = {{CONRO}},
	url = {http://link.springer.com/article/10.1023/A:1008985810481},
	number = {3},
	urldate = {2013-08-26},
	journal = {Autonomous Robots},
	author = {Castano, Andres and Shen, Wei-Min and Will, Peter},
	year = {2000},
	pages = {309–324},
	file = {CONRO Towards Deployable Robots with Inter-Robot Metamorphic Capabilities.pdf:/home/def/.zotero/zotero/40w71da5.default/zotero/storage/5TSVBVX9/CONRO Towards Deployable Robots with Inter-Robot Metamorphic Capabilities.pdf:application/pdf}
},

@inproceedings{castano_representing_2001,
	title = {Representing and discovering the configuration of {CONRO} robots},
	volume = {4},
	url = {http://ieeexplore.ieee.org/xpls/abs_all.jsp?arnumber=933160},
	urldate = {2013-08-27},
	booktitle = {Robotics and Automation, 2001. Proceedings 2001 {ICRA.} {IEEE} International Conference on},
	author = {Castano, Andres and Will, Peter},
	year = {2001},
	pages = {3503–3509},
	file = {Representing and Discovering the Configuration of Conro Robots.pdf:/home/def/.zotero/zotero/40w71da5.default/zotero/storage/5V57DD5R/Representing and Discovering the Configuration of Conro Robots.pdf:application/pdf}
},

@inproceedings{rubenstein_docking_2004,
	title = {Docking among independent and autonomous {CONRO} self-reconfigurable robots},
	volume = {3},
	url = {http://ieeexplore.ieee.org/xpls/abs_all.jsp?arnumber=1307497},
	urldate = {2013-08-27},
	booktitle = {Robotics and Automation, 2004. Proceedings. {ICRA'04.} 2004 {IEEE} International Conference on},
	author = {Rubenstein, Michael and Payne, Kenneth and Will, Peter and Shen, Wei-Min},
	year = {2004},
	pages = {2877–2882},
	file = {Docking Among Independent and Autonomous CONRO Self-Reconfigurable Robots.pdf:/home/def/.zotero/zotero/40w71da5.default/zotero/storage/E73I72WF/Docking Among Independent and Autonomous CONRO Self-Reconfigurable Robots.pdf:application/pdf}
},

@article{castano_conro_2002,
	title = {The {Conro} modules for reconfigurable robots},
	volume = {7},
	issn = {1083-4435},
	url = {http://ieeexplore.ieee.org/lpdocs/epic03/wrapper.htm?arnumber=1159218},
	doi = {10.1109/TMECH.2002.806233},
	number = {4},
	urldate = {2013-08-27},
	journal = {{IEEE/ASME} Transactions on Mechatronics},
	author = {Castano, A. and Behar, A. and Will, {P.M.}},
	month = dec,
	year = {2002},
	pages = {403--409},
	file = {The Conro Modules for Reconfigurable Robots.pdf:/home/def/.zotero/zotero/40w71da5.default/zotero/storage/CTNZABFE/The Conro Modules for Reconfigurable Robots.pdf:application/pdf}
},

@inproceedings{shen_hormone-based_2000,
	title = {Hormone-based control for self-reconfigurable robots},
	url = {http://dl.acm.org/citation.cfm?id=336602},
	urldate = {2013-08-28},
	booktitle = {Proceedings of the fourth international conference on Autonomous agents},
	author = {Shen, Wei-Min and Lu, Yimin and Will, Peter},
	year = {2000},
	pages = {1–8},
	file = {Hormone-Based Control for Self-Reconfigurable Robots.pdf:/home/def/.zotero/zotero/40w71da5.default/zotero/storage/PMW3BQEG/Hormone-Based Control for Self-Reconfigurable Robots.pdf:application/pdf}
},

@incollection{salemi_autonomous_2006,
	title = {Autonomous discovery and functional response to topology change in self-reconfigurable robots},
	url = {http://link.springer.com/chapter/10.1007/3-540-32834-3_16},
	urldate = {2013-08-29},
	booktitle = {Complex Engineered Systems},
	publisher = {Springer},
	author = {Salemi, Behnam and Will, Peter and Shen, Wei-Min},
	year = {2006},
	pages = {364–384},
	file = {Autonomous Discovery and Functional Response to Topology Change in Self-Reconfigurable Robots.pdf:/home/def/.zotero/zotero/40w71da5.default/zotero/storage/DQ9UW4N5/Autonomous Discovery and Functional Response to Topology Change in Self-Reconfigurable Robots.pdf:application/pdf}
}
