
@article{murata_m-tran:_2002,
	title = {M-{TRAN:} self-reconfigurable modular robotic system},
	volume = {7},
	issn = {1083-4435},
	shorttitle = {M-{TRAN}},
	url = {http://ieeexplore.ieee.org/lpdocs/epic03/wrapper.htm?arnumber=1159221},
	doi = {10.1109/TMECH.2002.806220},
	number = {4},
	urldate = {2013-08-30},
	journal = {{IEEE/ASME} Transactions on Mechatronics},
	author = {Murata, S. and Yoshida, E. and Kamimura, A. and Kurokawa, H. and Tomita, K. and Kokaji, S.},
	month = dec,
	year = {2002},
	pages = {431--441},
	file = {M-TRAN Self-Reconfigurable Modular Robotic System.pdf:/home/def/.zotero/zotero/40w71da5.default/zotero/storage/AAI2C8PX/M-TRAN Self-Reconfigurable Modular Robotic System.pdf:application/pdf}
},

@inproceedings{kurokawa_m-tran_2003,
	title = {M-{TRAN} {II:} Metamorphosis from a four-legged walker to a caterpillar},
	volume = {3},
	shorttitle = {M-{TRAN} {II}},
	url = {http://ieeexplore.ieee.org/xpls/abs_all.jsp?arnumber=1249238},
	urldate = {2013-08-30},
	booktitle = {Intelligent Robots and Systems, 2003.({IROS} 2003). Proceedings. 2003 {IEEE/RSJ} International Conference on},
	author = {Kurokawa, Haruhisa and Kamimura, Akiya and Yoshida, Eiichi and Tomita, Kohji and Kokaji, Satoshi and Murata, Shigeru},
	year = {2003},
	pages = {2454–2459},
	file = {M-TRAN II Metamorphosis from a Four-Legged Walker to a Caterpillar.pdf:/home/def/.zotero/zotero/40w71da5.default/zotero/storage/MBTHBCCF/M-TRAN II Metamorphosis from a Four-Legged Walker to a Caterpillar.pdf:application/pdf}
},

@inproceedings{yoshida_evolutionary_2003,
	title = {Evolutionary synthesis of dynamic motion and reconfiguration process for a modular robot M-{TRAN}},
	volume = {2},
	url = {http://ieeexplore.ieee.org/xpls/abs_all.jsp?arnumber=1222317},
	urldate = {2013-08-30},
	booktitle = {Computational Intelligence in Robotics and Automation, 2003. Proceedings. 2003 {IEEE} International Symposium on},
	author = {Yoshida, Eiichi and Murata, Satoshi and Kamimura, Akiya and Tomita, Kohji and Kurokawa, Haruhisa and Kokaji, Shigeru},
	year = {2003},
	pages = {1004–1010},
	file = {Evolutionary Synthesis of Dynamic Motion and Reconfiguration Process for a Modular Robot M-TRAN.pdf:/home/def/.zotero/zotero/40w71da5.default/zotero/storage/NCDMI2BZ/Evolutionary Synthesis of Dynamic Motion and Reconfiguration Process for a Modular Robot M-TRAN.pdf:application/pdf}
},

@article{murata_self-reconfigurable_2007,
	title = {Self-reconfigurable robots},
	volume = {14},
	issn = {1070-9932},
	doi = {10.1109/MRA.2007.339607},
	number = {1},
	journal = {Robotics Automation Magazine, {IEEE}},
	author = {Murata, S. and Kurokawa, H.},
	year = {2007},
	keywords = {Actuators, cellular robot, Chemicals, Design automation, liquid metal robot, mechatronics, modern mechatronics, off-the-shelf technologies, Organisms, Robotics and automation, robots, Robot sensing systems, self-adjusting systems, Self-assembly, self-reconfigurable robots, Shape},
	pages = {71--78},
	file = {Shape-Changing Cellular Robots Can Exceed Conventional Robot Flexibility.pdf:/home/def/.zotero/zotero/40w71da5.default/zotero/storage/H5ZWMGKU/Shape-Changing Cellular Robots Can Exceed Conventional Robot Flexibility.pdf:application/pdf}
},

@article{kurokawa_distributed_2008,
	title = {Distributed Self-Reconfiguration of M-{TRAN} {III} Modular Robotic System},
	volume = {27},
	issn = {0278-3649},
	url = {http://ijr.sagepub.com/cgi/doi/10.1177/0278364907085560},
	doi = {10.1177/0278364907085560},
	number = {3-4},
	urldate = {2013-08-30},
	journal = {The International Journal of Robotics Research},
	author = {Kurokawa, H. and Tomita, K. and Kamimura, A. and Kokaji, S. and Hasuo, T. and Murata, S.},
	month = mar,
	year = {2008},
	pages = {373--386},
	file = {Distributed Self-Reconfiguration of M-TRAN III Modular Robotic System.pdf:/home/def/.zotero/zotero/40w71da5.default/zotero/storage/9CXVAJMP/Distributed Self-Reconfiguration of M-TRAN III Modular Robotic System.pdf:application/pdf}
}