@misc{arduino,
	title = {Arduino website},
	howpublished = "\url{http://www.arduino.cc}",
	note = {Accessed: 2014-06-22}
	}


@article{jones_reprap_2011,
	title = {{RepRap} – the replicating rapid prototyper},
	volume = {29},
	issn = {0263-5747, 1469-8668},
	url = {http://www.journals.cambridge.org/abstract_S026357471000069X},
	doi = {10.1017/S026357471000069X},
	number = {01},
	urldate = {2014-06-22},
	journal = {Robotica},
	author = {Jones, Rhys and Haufe, Patrick and Sells, Edward and Iravani, Pejman and Olliver, Vik and Palmer, Chris and Bowyer, Adrian},
	month = jan,
	year = {2011},
	pages = {177--191},
	file = {RepRap – the replicating rapid prototyper.pdf:/home/def/.zotero/zotero/40w71da5.default/zotero/storage/FRDXIFWC/RepRap – the replicating rapid prototyper.pdf:application/pdf}
}

@phdthesis{diankov_thesis,
 author = "Diankov, R.",
 title = "Automated Construction of Robotic Manipulation Programs",
 school = "Carnegie Mellon University, Robotics Institute",
 month = "August",
 year = "2010",
 number= "CMU-RI-TR-10-29",
 url={http://www.programmingvision.com/rosen_diankov_thesis.pdf},
}

@misc{diankov_website:openrave,
	title = {{OpenRAVE} website},
	author = {Diankov, R.},
	howpublished = "\url{http://openrave.org}",
	note = {Accessed: 2014-06-22}
	}
	
@misc{decerebration,
	title = {{Decerebration - Wikipedia, the free encyclopedia}},
	howpublished = "\url{http://en.wikipedia.org/wiki/Decerebration}",
	note = {Accessed: 2014-06-22}
	}
	
@misc{ecf:website,
	title = {{ECF - Evolutionary Computation Framework}},
	author = {Jakobovic, D.},
	howpublished = "\url{http://gp.zemris.fer.hr/ecf/}",
	note = {Accessed: 2014-06-22}
	}
	
@misc{tinyxml2:website,
	title = {{TinyXML-2}},
	author = {Thomason, L.},
	howpublished = "\url{http://www.grinninglizard.com/tinyxml2/}",
	note = {Accessed: 2014-06-22}
	}
	
@misc{eigen:website,
	title = {{Eigen}},
	author = {Jacob, B.},
	howpublished = "\url{http://eigen.tuxfamily.org/index.php?title=Main_Page}",
	note = {Accessed: 2014-06-22}
	}
	
@misc{cmake:website,
	title = {{CMake - Cross Platform Make}},
	howpublished = "\url{http://www.cmake.org/}",
	note = {Accessed: 2014-06-22}
	}
	
@book{tdd:book,
    author    = {Beck, K.},
    title     = {{Test-Driven Development by Example}},
    publisher = {{Addison Wesley - Vaseem}},
    year      = {2003},
}
@misc{gtest:website,
	title = {{googletest- Google C++ Testing Framework}},
	howpublished = "\url{http://code.google.com/p/googletest/}",
	note = {Accessed: 2014-06-22}
	}
@misc{openscad:website,
	title = {{OpenSCAD - The Programmers Solid 3D CAD Modeller}},
	howpublished = "\url{http://www.openscad.org/}",
	note = {Accessed: 2014-06-22}
	}
@misc{ooml:website,
	title = {{The C++ Object Oriented Mechanics Library}},
	author = {Valero-Gomez, A. and Gonzalez-Gomez, J},
	howpublished = "\url{http://iearobotics.com/oomlwiki/doku.php?id=start}",
	note = {Accessed: 2014-06-22}
	}
@misc{kicad:website,
	title = {{KiCad EDA Software Suite}},
	author = {Charras, Jean-Pierre},
	howpublished = "\url{http://www.kicad-pcb.org/display/KICAD/KiCad+EDA+Software+Suite}",
	note = {Accessed: 2014-06-22}
	}
	
@misc{hormones_wikipedia,
	title = {{Hormone - Wikipedia, the free encyclopedia}},
	howpublished = "\url{http://en.wikipedia.org/wiki/Hormone}",
	note = {Accessed: 2014-06-22}
	}
	
