
@inproceedings{golovinsky_polybot_2004,
	title = {{PolyBot} and {PolyKinetic™} System: a modular robotic platform for education},
	volume = {2},
	shorttitle = {{PolyBot} and {PolyKinetic™} System},
	url = {http://ieeexplore.ieee.org/xpls/abs_all.jsp?arnumber=1308017},
	urldate = {2013-08-28},
	booktitle = {Robotics and Automation, 2004. Proceedings. {ICRA'04.} 2004 {IEEE} International Conference on},
	author = {Golovinsky, Alex and Yim, Mark and Zhang, Ying and Eldershaw, Craig and Duff, David},
	year = {2004},
	pages = {1381–1386},
	file = {PolyBot and PolyKinetic” System A Modular Robotic Platform for Education.pdf:/home/def/.zotero/zotero/40w71da5.default/zotero/storage/NT2SKDFE/PolyBot and PolyKinetic” System A Modular Robotic Platform for Education.pdf:application/pdf}
},

@article{yim_modular_2003,
	title = {Modular reconfigurable robots in space applications},
	volume = {14},
	url = {http://link.springer.com/article/10.1023/A:1022287820808},
	number = {2-3},
	urldate = {2013-08-28},
	journal = {Autonomous Robots},
	author = {Yim, Mark and Roufas, Kimon and Duff, David and Zhang, Ying and Eldershaw, Craig and Homans, Sam},
	year = {2003},
	pages = {225–237},
	file = {Modular Reconfigurable Robots in Space Applications.pdf:/home/def/.zotero/zotero/40w71da5.default/zotero/storage/72WK3X9Q/Modular Reconfigurable Robots in Space Applications.pdf:application/pdf}
},

@inproceedings{yim_new_1994,
	title = {New locomotion gaits},
	url = {http://ieeexplore.ieee.org/xpls/abs_all.jsp?arnumber=351134},
	urldate = {2013-09-23},
	booktitle = {Robotics and Automation, 1994. Proceedings., 1994 {IEEE} International Conference on},
	author = {Yim, Mark},
	year = {1994},
	pages = {2508–2514},
	file = {New Locomotion Gaits.pdf:/home/def/.zotero/zotero/40w71da5.default/zotero/storage/4EZB9IA2/New Locomotion Gaits.pdf:application/pdf}
}