
@article{shen_multimode_2006,
	title = {Multimode locomotion via {SuperBot} reconfigurable robots},
	volume = {20},
	issn = {0929-5593, 1573-7527},
	url = {http://link.springer.com/10.1007/s10514-006-6475-7},
	doi = {10.1007/s10514-006-6475-7},
	number = {2},
	urldate = {2013-08-27},
	journal = {Autonomous Robots},
	author = {Shen, Wei-Min and Krivokon, Maks and Chiu, Harris and Everist, Jacob and Rubenstein, Michael and Venkatesh, Jagadesh},
	month = apr,
	year = {2006},
	pages = {165--177},
	file = {Multimode locomotion via SuperBot reconfigurable robots.pdf:/home/def/.zotero/zotero/40w71da5.default/zotero/storage/8RX6KJAD/Multimode locomotion via SuperBot reconfigurable robots.pdf:application/pdf}
},

@inproceedings{salemi_superbot:_2006,
	title = {{SUPERBOT:} A deployable, multi-functional, and modular self-reconfigurable robotic system},
	shorttitle = {{SUPERBOT}},
	url = {http://ieeexplore.ieee.org/xpls/abs_all.jsp?arnumber=4058969},
	urldate = {2013-08-29},
	booktitle = {Intelligent Robots and Systems, 2006 {IEEE/RSJ} International Conference on},
	author = {Salemi, Behnam and Moll, Mark and Shen, Wei-Min},
	year = {2006},
	pages = {3636â€“3641},
	file = {SUPERBOT A Deployable, Multi-Functional, and Modular Self-Reconfigurable Robotic System.pdf:/home/def/.zotero/zotero/40w71da5.default/zotero/storage/9TFINW8B/SUPERBOT A Deployable, Multi-Functional, and Modular Self-Reconfigurable Robotic System.pdf:application/pdf}
}