
@article{kernbach_heterogeneity_2011,
	title = {Heterogeneity for increasing performance and reliability of self-reconfigurable multi-robot organisms},
	url = {http://arxiv.org/abs/1109.2288},
	urldate = {2013-08-31},
	journal = {{arXiv} preprint {arXiv:1109.2288}},
	author = {Kernbach, Serge and Schlachter, Florian and Humza, Raja and Liedke, Jens and Popesku, Sergej and Russo, S. and Ranzani, T. and Manfredi, Luigi and Stefanini, Cesare and Matthias, Rene},
	year = {2011},
	file = {Heterogeneity for Increasing Performance and Reliability of Self-Reconfigurable Multi-Robot Organisms.pdf:/home/def/.zotero/zotero/40w71da5.default/zotero/storage/NHPN3C4W/Heterogeneity for Increasing Performance and Reliability of Self-Reconfigurable Multi-Robot Organisms.pdf:application/pdf}
},

@inproceedings{winkler_robot3dsimulator_2012,
	title = {{Robot3D—A} simulator for mobile modular self-reconfigurable robots},
	url = {http://ieeexplore.ieee.org/xpls/abs_all.jsp?arnumber=6343016},
	urldate = {2013-08-31},
	booktitle = {Multisensor Fusion and Integration for Intelligent Systems ({MFI)}, 2012 {IEEE} Conference on},
	author = {Winkler, Lutz and Vonasek, Vojtech and Worn, Heinz and Preucil, Libor},
	year = {2012},
	pages = {464–469},
	file = {Robot3D — A Simulator for Mobile Modular Self-Reconfigurable Robots.pdf:/home/def/.zotero/zotero/40w71da5.default/zotero/storage/3EG7X2JG/Robot3D — A Simulator for Mobile Modular Self-Reconfigurable Robots.pdf:application/pdf}
},

@inproceedings{matthias_robustness_2012,
	title = {Robustness, scalability and flexibility: Key-features in modular self-reconfigurable mobile robotics},
	shorttitle = {Robustness, scalability and flexibility},
	url = {http://ieeexplore.ieee.org/xpls/abs_all.jsp?arnumber=6342996},
	urldate = {2013-08-31},
	booktitle = {Multisensor Fusion and Integration for Intelligent Systems ({MFI)}, 2012 {IEEE} Conference on},
	author = {Matthias, Rene and Bihlmaier, Andreas and Worn, Heinz},
	year = {2012},
	pages = {457–463},
	file = {Robustness, Scalability and Flexibility Key-Features in Modular Self-Reconfigurable Mobile Robotics.pdf:/home/def/.zotero/zotero/40w71da5.default/zotero/storage/ZZTP4I9N/Robustness, Scalability and Flexibility Key-Features in Modular Self-Reconfigurable Mobile Robotics.pdf:application/pdf}
},

@article{russo_design_2012,
	title = {Design of a Robotic Module for Autonomous Exploration and Multimode Locomotion},
	issn = {1083-4435, 1941-{014X}},
	url = {http://ieeexplore.ieee.org/lpdocs/epic03/wrapper.htm?arnumber=6291793},
	doi = {10.1109/TMECH.2012.2212449},
	urldate = {2013-08-31},
	journal = {{IEEE/ASME} Transactions on Mechatronics},
	author = {Russo, Sheila and Harada, Kanako and Ranzani, Tommaso and Manfredi, Luigi and Stefanini, Cesare and Menciassi, Arianna and Dario, Paolo},
	year = {2012},
	pages = {1--10},
	file = {Design of a Robotic Module for Autonomous Exploration and Multimode Locomotion.pdf:/home/def/.zotero/zotero/40w71da5.default/zotero/storage/TA96F9EI/Design of a Robotic Module for Autonomous Exploration and Multimode Locomotion.pdf:application/pdf}
},

@inproceedings{liedke_coboldbonding_2011,
	title = {{CoBoLD—A} bonding mechanism for modular self-reconfigurable mobile robots},
	url = {http://ieeexplore.ieee.org/xpls/abs_all.jsp?arnumber=6181589},
	urldate = {2013-08-31},
	booktitle = {Robotics and Biomimetics ({ROBIO)}, 2011 {IEEE} International Conference on},
	author = {Liedke, Jens and Worn, H.},
	year = {2011},
	pages = {2025–2030},
	file = {CoBoLD - A Bonding Mechanism for Modular Self-Reconfigurable Mobile Robots.pdf:/home/def/.zotero/zotero/40w71da5.default/zotero/storage/XVM6K9AX/CoBoLD - A Bonding Mechanism for Modular Self-Reconfigurable Mobile Robots.pdf:application/pdf}
}