@article{Shen2002,
author = {Shen, WM and Salemi, B. and Will, P.},
doi = {10.1109/TRA.2002.804502},
file = {:home/def/Documentos/University/TFG/Papers/Locomotion - Modular Robotics/Hormone-Inspired Adaptive Communication and Distributed Control 
for CONRO Self-Reconfigurable Robots.pdf:pdf},
issn = {1042-296X},
journal = {IEEE Transactions on Robotics and Automation},
keywords = {TFG,hormones,locomotion,modular robots},
mendeley-tags = {TFG,hormones,locomotion,modular robots},
month = oct,
number = {5},
pages = {700--712},
title = {{Hormone-inspired adaptive communication and distributed control for CONRO self-reconfigurable robots}},
url = {http://ieeexplore.ieee.org/lpdocs/epic03/wrapper.htm?arnumber=1067992},
volume = {18},
year = {2002}
}
@article{Salemi2001,
author = {Salemi, B and Shen, WM and Will, P},
file = {:home/def/Documentos/University/TFG/Papers/Digital Hormones/Hormone-controlled metamorphic robots.pdf:pdf},
isbn = {0780364759},
journal = {Robotics and Automation, 2001. \ldots},
keywords = {hormones},
mendeley-tags = {hormones},
pages = {94--99},
title = {{Hormone-controlled metamorphic robots}},
url = {http://ieeexplore.ieee.org/xpls/abs\_all.jsp?arnumber=933273},
year = {2001}
}
