@misc{gonzalez-gomez_website:taller_2010,
	title = {Campus científico 2010:Taller de robots modulares},
	author = {Gonzalez-Gomez, J. and Prieto-Moreno, A. and Gomez, R},
	howpublished = "\url{http://www.iearobotics.com/wiki/index.php?title=Campus_cient%C3%ADfico_2010:Taller_de_robots_modulares}",
	note={Accessed: 2014-06-22}
	}


@misc{gonzalez-gomez_website:my1,
	title = {Módulos {MY}},
	author = {Gonzalez-Gomez, J. and Prieto-Moreno, A. and Gomez, R},
	howpublished = "\url{http://www.iearobotics.com/wiki/index.php?title=M%C3%B3dulos_MY}",
	note={Accessed: 2014-06-22}
	}

@misc{gonzalez-gomez_website:repy1,
	title = {Módulos REPY-1},
	author = "Gonzalez-Gomez, J.",
	howpublished = "\url{http://www.iearobotics.com/wiki/index.php?title=M%C3%B3dulos_REPY-1}",
	note={Accessed: 2014-06-22}
	}

@misc{gonzalez-gomez_website:skymega,
	title = {SkyMega},
	author = {Gonzalez-Gomez, J. and Prieto-Moreno, A. and Lima, I. and Gomez, R.},
	howpublished = "\url{http://www.iearobotics.com/wiki/index.php?title=SkyMega}",
	note={Accessed: 2014-06-22}
	}

@misc{gonzalez-gomez_website:y1,
	title = {Módulos {Y1}},
	author = "Gonzalez-Gomez, J.",
	howpublished = "\url{http://www.iearobotics.com/wiki/index.php?title=Módulos_Y1}",
	note={Accessed: 2014-06-22}
	}

@misc{gonzalez-gomez_website:openmr,
	title = {{OpenMR}: {Modular Robots} plug-in for {Openrave}},
	author = {Gonzalez-Gomez, J. and Ranganath, A. and Estevez-Fernandez, D.},
	howpublished = "\url{http://www.iearobotics.com/wiki/index.php?title=OpenMR:_Modular_Robots_plug-in_for_Openrave}",
	note={Accessed: 2014-06-22}
	}
	
@misc{gonzalez-gomez_website:skycube,
	title = {Skycube - WikiRobotics},
	author = {Gonzalez-Gomez, J. and Prieto-Moreno, A. and Gomez, R.},
	howpublished = "\url{http://www.iearobotics.com/wiki/index.php?title=Skycube}",
	note={Accessed: 2014-06-22}
	}
